%
@article{diot1999distributed,
  title={A distributed architecture for multiplayer interactive applications on the Internet},
  author={Diot, Christophe and Gautier, Laurent},
  journal={IEEE network},
  volume={13},
  number={4},
  pages={6--15},
  year={1999},
  publisher={IEEE}
}
%
@article{smed2002aspects,
  title={Aspects of networking in multiplayer computer games},
  author={Smed, Jouni and Kaukoranta, Timo and Hakonen, Harri},
  journal={The Electronic Library},
  volume={20},
  number={2},
  pages={87--97},
  year={2002},
  publisher={MCB UP Ltd}
}
% Word doc has good passage
@article{jamin2003cheat,
  title={Cheat-proofing dead reckoned multiplayer games},
  author={Jamin, Eric Cronin Burton Filstrup Sugih},
  journal={Ann Arbor},
  volume={1001},
  pages={48109--2122},
  year={2003},
  publisher={Citeseer}
}
%
@inproceedings{pantel2002suitability,
  title={On the suitability of dead reckoning schemes for games},
  author={Pantel, Lothar and Wolf, Lars C},
  booktitle={Proceedings of the 1st workshop on Network and system support for games},
  pages={79--84},
  year={2002},
  organization={ACM}
}
% this paper looks good to cite for explanation of dr
@inproceedings{aggarwal2004accuracy,
  title={Accuracy in dead-reckoning based distributed multi-player games},
  author={Aggarwal, Sudhir and Banavar, Hemant and Khandelwal, Amit and Mukherjee, Sarit and Rangarajan, Sampath},
  booktitle={Proceedings of 3rd ACM SIGCOMM workshop on Network and system support for games},
  pages={161--165},
  year={2004},
  organization={ACM}
}
%
@inproceedings{bernier2001latency,
  title={Latency compensating methods in client/server in-game protocol design and optimization},
  author={Bernier, Yahn W},
  booktitle={Game Developers Conference},
  volume={98033},
  number={425},
  year={2001}
}
% More specific fps stuff in here
@inproceedings{beigbeder2004effects,
  title={The effects of loss and latency on user performance in unreal tournament 2003{\textregistered}},
  author={Beigbeder, Tom and Coughlan, Rory and Lusher, Corey and Plunkett, John and Agu, Emmanuel and Claypool, Mark},
  booktitle={Proceedings of 3rd ACM SIGCOMM workshop on Network and system support for games},
  pages={144--151},
  year={2004},
  organization={ACM}
}

@inproceedings{henderson2001latency,
  title={Latency and user behaviour on a multiplayer game server},
  author={Henderson, Tristan},
  booktitle={International Workshop on Networked Group Communication},
  pages={1--13},
  year={2001},
  organization={Springer}
}
% https://ieeexplore-ieee-org.ezproxy.falmouth.ac.uk/
@article{murphy2011believable,
  title={Believable dead reckoning for networked games},
  author={Murphy, Curtiss},
  journal={Game engine gems},
  volume={2},
  pages={307--313},
  year={2011}
}
%
@inproceedings{cronin2002efficient,
  title={An efficient synchronization mechanism for mirrored game architectures},
  author={Cronin, Eric and Filstrup, Burton and Kurc, Anthony R and Jamin, Sugih},
  booktitle={Proceedings of the 1st workshop on Network and system support for games},
  pages={67--73},
  year={2002},
  organization={ACM}
}
%
@inproceedings{mauve2000keep,
  title={How to keep a dead man from shooting},
  author={Mauve, Martin},
  booktitle={International Workshop on Interactive Distributed Multimedia Systems and Telecommunication Services},
  pages={199--204},
  year={2000},
  organization={Springer}
}

@article{zyda1994npsnet,
  title={NPSNET: A Network Software Architecture for Large Scale Virtual Environments},
  author={Zyda, Michael J and Macedonia, Michael R and Pratt, David R and Barham, Paul T and Zezwitz, Steven},
  journal={Naval Postgraduate School, Monterey, California},
  year={1994}
}
%
@techreport{mills1992network,
  title={Network Time Protocol (Version 3) specification, implementation and analysis},
  author={Mills, David},
  year={1992},
  institution={University of Delaware},
  month={03}
}
%
@inproceedings{cronin2001distributed,
  title={A distributed multiplayer game server system},
  author={Cronin, Eric and Filstrup, Burton and Kurc, Anthony},
  booktitle={University of Michigan},
  pages={3--6},
  year={2001},
  organization={Citeseer}
}
%
@inproceedings{gautier1998design,
  title={Design and evaluation of mimaze a multi-player game on the internet},
  author={Gautier, Laurent and Diot, Christophe},
  booktitle={Multimedia Computing and Systems, 1998. Proceedings. IEEE International Conference on},
  pages={233--236},
  year={1998},
  organization={IEEE}
}
%
@article{claypool2006latency,
  title={Latency and player actions in online games},
  author={Claypool, Mark and Claypool, Kajal},
  journal={Communications of the ACM},
  volume={49},
  number={11},
  pages={40--45},
  year={2006},
  publisher={ACM}
}
%
@inproceedings{dick2005analysis,
  title={Analysis of factors affecting players' performance and perception in multiplayer games},
  author={Dick, Matthias and Wellnitz, Oliver and Wolf, Lars},
  booktitle={Proceedings of 4th ACM SIGCOMM workshop on Network and system support for games},
  pages={1--7},
  year={2005},
  organization={ACM}
}